%% This BibTeX bibliography file was created using BibDesk.
%% http://bibdesk.sourceforge.net/

%% Created for Florence Tama at 2016-07-13 16:55:38 +0900 


%% Saved with string encoding Unicode (UTF-8) 


@comment{ Each entry requires a single keyword in the "keywords" field.  Available keywords: journal, proceedings, invited, poster, deliverable  The keywords indicates a category of an bib item. The "keywords" field in a bib item can have a single keyword, or category, from the above five options. Do not set multiple keywords. The list of publications, talks, deliverables, and posters are grouped into the above five categories. Items with no matching keyword will not be displayed.  Note that the type of each bib item such as "inproceedings" does not affect the grouping. Use "misc" when uncertain. }



@misc{ACS,
	Author = {F. Tama},
	Date-Added = {2016-07-11 04:35:14 +0000},
	Date-Modified = {2016-07-11 04:35:31 +0000},
	Howpublished = {American Chemical Society Meeting},
	Keywords = {invited},
	Title = {Hybrid approaches to characterize structure and dynamics of biomolecular systems from single molecule experiments Hybrid approaches to characterize structure and dynamics of biomolecular systems from single molecule experiments},
	Year = {2015}}

@misc{Kyushu,
	Author = {F. Tama},
	Date-Added = {2016-07-11 04:34:50 +0000},
	Date-Modified = {2016-07-11 04:35:11 +0000},
	Howpublished = {Cutting Edge of Technical Innovations in Structural and Systems Biology},
	Keywords = {invited},
	Title = {Hybrid approaches to characterize structure and dynamics of biomolecular systems from single molecule experiments Hybrid approaches to characterize structure and dynamics of biomolecular systems from single molecule experiments},
	Year = {2015}}

@misc{Osaka,
	Author = {F. Tama},
	Date-Added = {2016-07-11 04:34:29 +0000},
	Date-Modified = {2016-07-11 04:34:47 +0000},
	Howpublished = {Symposium: Integrative Structural Biology with Hybrid Methods},
	Keywords = {invited},
	Title = {Hybrid approaches to characterize structure and dynamics of biomolecular systems from single molecule experiments Hybrid approaches to characterize structure and dynamics of biomolecular systems from single molecule experiments},
	Year = {2015}}

@misc{ITbM,
	Author = {F. Tama},
	Date-Added = {2016-07-11 04:33:14 +0000},
	Date-Modified = {2016-07-11 04:34:11 +0000},
	Howpublished = {The 3rd International Symposium on Transformative Bio-Molecules},
	Keywords = {invited},
	Title = {Hybrid approaches to characterize structure and dynamics of biomolecular systems from single molecule experiments Hybrid approaches to characterize structure and dynamics of biomolecular systems from single molecule experiments},
	Year = {2015}}

@article{NucleicAcidResearch,
	Author = {Nakano M and Tateishi-Karimata H and Tanaka S and Tama F and Miyashita O and Nakano S and Sugimoto N},
	Date-Added = {2016-07-11 04:28:20 +0000},
	Date-Modified = {2016-07-11 04:29:36 +0000},
	Journal = {Nucleic Acids Res},
	Keywords = {journal},
	Title = {Thermodynamic properties of water molecules in the presence of cosolute depend on DNA structure: a study using grid inhomogeneous solvation theory.},
	Year = {2015}}

@inproceedings{sample-conference,
	Author = {Jin Q. and Sanchez Sorzano C.O. and de la Rosa-Trevin J.M. and Tama F. and Jonic S.},
	Booktitle = {Microscopy and Microanalysis 20:1218-1219},
	Date-Modified = {2016-07-13 07:55:02 +0000},
	Keywords = {proceedings},
	Title = {Macromolecular Dynamics by Hybrid Electron Microscopy Normal Mode Analysis Macromolecular Dynamics by Hybrid Electron Microscopy Normal Mode Analysis},
	Year = {2014}}

@article{JStrucBiol,
	Author = {Tokuhisa A and Jonic S and Tama F and Miyashita O},
	Date-Modified = {2016-07-11 04:28:03 +0000},
	Journal = {J. Struct. Biol},
	Keywords = {journal},
	Title = {Hybrid approach for structural modeling of biological systems from X-ray free electron laser diffraction patterns},
	Year = {2016}}

@misc{AICSSymposium,
	Author = {F. Tama},
	Date-Modified = {2016-07-11 04:33:11 +0000},
	Howpublished = {Large-scale biological simulations using supercomputers},
	Keywords = {invited},
	Title = {Hybrid approaches to characterize structure and dynamics of biomolecular systems from single molecule experiments Hybrid approaches to characterize structure and dynamics of biomolecular systems from single molecule experiments},
	Year = {2015}}

