@Comment{
Each entry requires a single keyword in the "keywords" field.

Available keywords: journal, proceedings, invited, poster, deliverable

The keywords indicates a category of an bib item. The "keywords" field in a bib item can have a single keyword, or category, from the above five options. Do not set multiple keywords. The list of publications, talks, deliverables, and posters are grouped into the above five categories. Items with no matching keyword will not be displayed.

Note that the type of each bib item such as "inproceedings" does not affect the grouping. Use "misc" when uncertain.
}

@misc{sample-deliverable,
  title = "Released Software Name",
  keywords = "deliverable",
}

@article{miyoshi-team-journal-1,
author = "Lien, G.-Y. and T. Miyoshi and E. Kalnay",
title = {Assimilation of TRMM Multisatellite Precipitation Analysis with a low-resolution NCEP Global Forecast System},
journal = "Mon. Wea. Rev.",
Volume = 144,
pages = "643--661",
year = 2016,
keywords = "journal"
}

@article{miyoshi-team-journal-2,
author = "Lien, G.-Y. and E. Kalnay and T. Miyoshi and G. J. Huffman",
title = {Statistical properties of global precipitation in the NCEP GFS model and TMPA observations for data assimilation},
journal = "Mon. Wea. Rev.",
volume = 144,
pages = "663--379",
year = 2016,
keywords = "journal"
}

@article{miyoshi-team-journal-3,
author = "Otsuka, S. and G. Tuerhong and R. Kikuchi and Y. Kitano and Y. Taniguchi and J. J. Ruiz and S. Satoh and T. Ushio and T. Miyoshi",
title = "Precipitation nowcasting with three-dimensional space-time extrapolation of dense and frequent phased-array weather radar observations",
journal = "Weather and Forecasting",
volume = 31,
pages = "329--340",
year = 2016,
keywords = "journal"
}

@article{miyoshi-team-journal-4,
author = {Dillon, M. E. and Y. G. Skabar and J. Ruiz and E. Kalnay and E. A. Collini and P. Echevarria and M. Saucedo and T. Miyoshi and M. Kunii},
title = {Application of the WRF-LETKF Data Assimilation System over Southern South America: Sensitivity to model physics},
journal = "Weather and Forecasting",
volume = 31,
pages = "217--236",
year = 2016,
keywords = "journal"
}

@article{miyoshi-team-journal-5,
author = "Hattori, M. and J. Matsumoto and S. Ogino and T. Enomoto and T. Miyoshi",
title = {The Impact of Additional Radiosonde Observations on the Analysis of Disturbances in the South China Sea during VPREX2010},
journal = "SOLA",
volume = 12,
pages = "75--79",
year = 2016,
keywords = "journal"
}

@article{miyoshi-team-journal-6,
author = "Sluka, T. C. and S. G. Penny and E. Kalnay and T. Miyoshi",
title = "Assimilating atmospheric observations into the ocean using strongly coupled ensemble data assimilation",
journal = "Geophys. Res. Lett.",
volume = 43,
pages = "752--759",
year = 2016,
keywords = "journal"
}

@article{miyoshi-team-journal-7,
author = "Sueyoshi T. and K. Saito and S. Miyazaki and J. Mori and T. Ise and H. Arakida and R. Suzuki and A. Sato and Y. Iijima and H. Yabuki and H. Ikawa and T. Ohta and A. Kotani and T. Hajima and H. Sato and T. Yamazaki and A. Sugimoto",
title = {The GRENE-TEA model intercomparison project (GTMIP) Stage 1 forcing data set},
journal = "Earth Syst. Sci. Data",
volume = 8,
pages = "1--14",
year = 2016,
keywords = "journal"
}

@article{miyoshi-team-journal-8,
author = "Miyoshi, T. and M. Kunii and J. Ruiz and G.-Y. Lien and S. Satoh and T. Ushio and K. Bessho and H. Seko and H. Tomita and Y. Ishikawa",
title = {``Big Data Assimilation'' Revolutionizing Severe Weather Prediction},
journal = "Bulletin of the American Meteorological Society",
year = 2016,
keywords = "journal"
}

@article{miyoshi-team-journal-9,
author = "Otsuka, M. and M. Kunii and H. Seko and K. Shimoji and M. Hayashi and K. Yamashita",
title = {Assimilation Experiments of MTSAT Rapid Scan Atmospheric Motion Vectors on a Heavy Rainfall Event},
journal = "Journal of the Meteorological Society of Japan. Ser. II",
volume = 93,
pages = "459--475",
year = 2015,
keywords = "journal"
}

@article{miyoshi-team-journal-10,
author = "J. Ruiz and M. Pulido",
title = "Parameter Estimation Using Ensemble Based Data Assimilation in the Presence of Model Error",
journal = "Mon. Wea. Rev",
volume = 143,
pages = "1568--1582",
year = 2015,
keywords = "journal"
}

@article{miyoshi-team-journal-11,
author = "Seko, H. and M. Kunii and S. Yokota and T. Tsuyuki and T. Miyoshi",
title = {Ensemble experiments using a nested LETKF system to reproduce intense vortices associated with tornadoes of 6 May 2012 in Japan},
journal = "Progress in Earth and Planetary Science",
volume = 2,
pages = 42,
year = 2015,
keywords = "journal"
}

@article{miyoshi-team-journal-12,
author = "Kotsuki S. and H. Takenaka and K. Tanaka and A. Higuchi and T. Miyoshi",
title = {1-km-resolution land surface analysis over Japan: Impact of satellite-derived solar radiation},
journal = "Hydrological Research Letters",
volume = 9,
pages = "14--19",
year = 2015,
keywords = "journal"
}

@article{miyoshi-team-journal-13,
author = "Sawada, M. and T. Sakai and T. Iwasaki and H. Seko and K. Saito and T. Miyoshi",
title = {Assimilating high-resolution winds from a Doppler lidar using an ensemble Kalman filter with lateral boundary adjustment},
journal = "Tellus A 2015",
volume = 67,
pages = 23473,
year = 2015,
keywords = "journal"
}

@article{miyoshi-team-journal-14,
author = "Chang, C.-C. and S.-C. Yang and C. Keppenne",
title = {Applications of the mean re-recentering scheme to improve typhoon track prediction: A case study of typhoon Nanmadol (2011)},
journal = "Journal of the Meteorological Society of Japan Ser. II",
volume = 92,
pages = "559--584",
year = 2015,
keywords = "journal"
}

@article{miyoshi-team-journal-15,
author = "Miyoshi, Takemasa and Kondo, Keiichi and Terasaki, Koji",
title = "Big Ensemble Data Assimilation in Numerical Weather Prediction",
journal = "Computer",
volume = 48,
pages = "15--21",
year = 2015,
keywords = "journal"
}

@article{miyoshi-team-journal-16,
author = "Otsuka, Shigenori and Miyoshi, Takemasa",
title = "A {Bayesian} Optimization Approach to Multimodel Ensemble {Kalman} Filter with a Low-Order Model",
journal = "Mon. Wea. Rev.",
volume = 143,
pages = "2001--2012",
year = 2015,
keywords = "journal"
}

@article{miyoshi-team-journal-17,
author = "Kotsuki, S. and Tanaka, K.",
title = {SACRA - a method for the estimation of global high-resolution crop calendars from a satellite-sensed NDVI},
journal = "Hydrology and Earth System Sciences",
volume = 19,
pages = "4441--4461",
year = 2015,
keywords = "journal"
}

@article{miyoshi-team-journal-18,
author = "Miyazaki, S. and Saito, K. and Mori, J. and Yamazaki, T. and Ise, T. and Arakida, H. and Hajima, T. and Iijima, Y. and Machiya, H. and Sueyoshi, T. and Yabuki, H. and Burke, E. J. and Hosaka, M. and Ichii, K. and Ikawa, H. and Ito, A. and Kotani, A. and Matsuura, Y. and Niwano, M. and Nitta, T. and O'ishi, R. and Ohta, T. and Park, H. and Sasai, T. and Sato, A. and Sato, H. and Sugimoto, A. and Suzuki, R. and Tanaka, K. and Yamaguchi, S. and Yoshimura, K.",
title = {The GRENE-TEA model intercomparison project (GTMIP): overview and experiment protocol for Stage 1},
journal = "Geoscientific Model Development",
volume = 8,
pages = "2841--2856",
year = 2015,
keywords = "journal"
}

@article{miyoshi-team-journal-19,
author = "Ruiz, Juan J. and Miyoshi, Takemasa and Satoh, Shinsuke and Ushio, Tomoo",
title = "A Quality Control Algorithm for the {Osaka} Phased Array Weather Radar",
journal = "SOLA",
volume = 11,
pages = "48--52",
year = 2015,
keywords = "journal"
}

@misc{miyoshi-team-invited-1,
author = "Takemasa Miyoshi",
title = {Big Data Assimilation: Toward post-peta-scale supercomputing},
howpublished = {Blueprints for Next-Generation Data Assimilation Systems, Boulder, CO, USA},
year = 2016,
keywords = "invited",
}

@comment{}
@misc{miyoshi-team-invited-2,
author = "Takemasa Miyoshi",
title = {`Big Data Assimilation' Revolutionizing Severe Weather Forecasting},
howpublished = {The 4th International Symposium on Data Assimilation, Kobe, Japan},
year = 2015,
keywords = "invited",
}

@misc{miyoshi-team-invited-3,
author = "Shin-ichiro Shima",
title = {Numerical study on the cumulus-stratus transition using the super-droplet method},
howpublished = {International Workshop on Cloud Turbulence, Nagoya, Japan},
year = 2015,
keywords = "invited",
}

@misc{miyoshi-team-invited-4,
author = "Takemasa Miyoshi",
title = {Data assimilation toward big data and post-peta-scale supercomputing: a personal perspective},
howpublished = {International Workshop on Theoretical Aspects of Ensemble Data Assimilation for the Earth System, Les Houches, France},
year = 2015,
keywords = "invited",
}

@misc{miyoshi-team-invited-5,
author = "Takemasa Miyoshi",
title = {Numerical Weather Prediction: Chaos, Predictability, and Data Assimilation},
howpublished = {ICTS Data Assimilation Program organized by CMI, Hong Kong},
year = 2015,
keywords = "invited",
}

@misc{miyoshi-team-invited-6,
author = "Takemasa Miyoshi",
title = {Data Assimilation Toward Big Data and Post-Peta-Scale Supercomputing: A Personal Perspective},
howpublished = {ICTS Data Assimilation Program organized by CMI, Hong Kong},
year = 2015,
keywords = "invited",
}

@misc{miyoshi-team-invited-7,
author = "Takemasa Miyoshi",
 title = {Big Data Assimilation Revolutionizing Severe Weather Forecasting},
 howpublished = {JpGU Annual Meeting (Japan Geoscience Union), Makuhari, Japan},
 year = 2015,
keywords = "invited",
}

@misc{miyoshi-team-invited-8,
author = "Takemasa Miyoshi",
 title = {Satellite Data Assimilation: A Perspective},
 howpublished = {JpGU Annual Meeting (Japan Geoscience Union), Makuhari, Japan},
 year = 2015,
keywords = "invited",
}

@misc{miyoshi-team-invited-9,
author = "Takemasa Miyoshi",
 title = {Covariance Localization and Inflation},
 howpublished = {14th CAS-TWAS-WMO Forum Data Assimilation Summer School, Beijing, China},
 year = 2015,
keywords = "invited",
}

@misc{miyoshi-team-invited-10,
author = "Takemasa Miyoshi",
 title = {Data Assimilation toward Big Data and Post-peta-scale Supercomputing: A Personal Perspective},
 howpublished = {14th CAS-TWAS-WMO Forum Data Assimilation Summer School, Beijing, China},
 year = 2015,
keywords = "invited",
}

@misc{miyoshi-team-invited-11,
author = "Shu-Chih Yang",
title = {Adjusting ensemble for EnKF assimilation: applications to severe weather prediction},
 howpublished = {14th CAS-TWAS-WMO Forum Data Assimilation Summer School, Beijing, China},
 year = 2015,
keywords = "invited",
}

@misc{miyoshi-team-invited-12,
author = "Takemasa Miyoshi",
 title = {Big Data Assimilation revolutionizing numerical weather prediction},
 howpublished = {2nd Mini-Symposium on Computations, Brains and Machine, Wako, Japan},
 year = 2015,
keywords = "invited",
}

@misc{miyoshi-team-invited-13,
author = "Takemasa Miyoshi",
 title = {Satellite Data Assimilation: A perspective},
 howpublished = {the Weather-Chaos meeting, College Park, Maryland, USA},
 year = 2015,
keywords = "invited",
}

@misc{miyoshi-team-invited-14,
author = "Takemasa Miyoshi",
 title = {Data Assimilation toward Big Data and Post-peta-scale Supercomputing: A Personal Perspective}, 
howpublished = {OneNOAA Science Seminar Series, College Park, Maryland, USA},
 year = 2015,
keywords = "invited",
}

@misc{miyoshi-team-invited-15,
author = "Koji Terasaki",
title = {Some aspects of the computation of the 3D normal-mode functions},
 howpublished = {MODES workshop, Boulder, CO, USA},
 year = 2015,
keywords = "invited",
}

@misc{miyoshi-team-invited-16,
author = "Takemasa Miyoshi",
 title = {Numerical Weather Prediction: Chaos, Predictability and Data Assimilation},
 howpublished = {iTHES Colloquium, Wako, Japan},
 year = 2015,
keywords = "invited",
}

@misc{miyoshi-team-invited-17,
author = "Takemasa Miyoshi",
 title = {Big Data, Supercomputing, and Data Assimilation},
 howpublished = {Atmospheric and Oceanic Science Departmental Seminar Series, College Park, Maryland, USA},
 year = 2015,
keywords = "invited",
}

@misc{miyoshi-team-invited-18,
author = "Takemasa Miyoshi",
 title = {Big Data, Supercomputing, and Data Assimilation},
 howpublished = {KISTI, Daejeon, Korea},
 year = 2015,
keywords = "invited",
}

@misc{miyoshi-team-invited-19,
author = "Takemasa Miyoshi",
title = {Big Data Assimilation Revolutionizing Numerical Weather Prediction},
howpublished = {Workshop Big Data and Environment, Buenos Aires, Argentina},
year = 2015,
keywords = "invited",
}

@comment{}
@misc{miyoshi-team-invited-20,
author = "Takemasa Miyoshi",
 title = {`Big Data Assimilation' Revolutionizing Weather Prediction},
 howpublished = {NCU, Taiwan},
 year = 2015,
keywords = "invited",
}

@comment{}
@misc{miyoshi-team-invited-21,
author = "Takemasa Miyoshi",
 title = {`Big Data Assimilation' Revolutionizing Weather Prediction},
 howpublished = {CWB, Taiwan},
 year = 2015,
keywords = "invited",
}

@comment{}
@misc{miyoshi-team-invited-22,
author = "Takemasa Miyoshi",
 title = {`Big Data Assimilation' Revolutionizing Weather Prediction},
 howpublished = {NTU, Taiwan},
 year = 2015,
keywords = "invited",
}

@misc{miyoshi-team-invited-23,
author = "Takemasa Miyoshi",
 title = {Big Data Assimilation revolutionizing numerical weather prediction},
 howpublished = {Symposium on ``The Frontier of Numerical Weather Prediction'', Beijing, China},
 year = 2015,
keywords = "invited",
}

@comment{}
@misc{miyoshi-team-invited-24,
author = "Takemasa Miyoshi",
 title = {`Big Data Assimilation' Revolutionizing Numerical Weather Prediction},
 howpublished = {International Workshop on the Variations of East Asian Monsoon, Guangzhou, China},
 year = 2015,
keywords = "invited",
}

@misc{miyoshi-team-invited-25,
author = "Takemasa Miyoshi and K. Kondo and K. Terasaki and M. Kunii and J. Ruiz and G.-Y. Lien and S. Satoh and T. Ushio and H. Tomita and Y. Ishikawa and K. Bessho and H. Seko",
title = {Big data assimilation revolutionizing numerical weather prediction},
 howpublished = {Third International Workshop on Tokyo Metropolitan Area Convection Study for Extreme Weather Resilient Cities (WMO/WWRP, TOMACS/RDP), Tokyo, Japan},
 year = 2015,
keywords = "invited",
}

