@Comment{
Each entry requires a single keyword in the "keywords" field.

Available keywords: journal, proceedings, invited, poster, deliverable

The keywords indicates a category of an bib item. The "keywords" field in a bib item can have a single keyword, or category, from the above five options. Do not set multiple keywords. The list of publications, talks, deliverables, and posters are grouped into the above five categories. Items with no matching keyword will not be displayed.

Note that the type of each bib item such as "inproceedings" does not affect the grouping. Use "misc" when uncertain.
}

@inproceedings{sample-conference,
  author = "Riken Aics",
  title = "Test Title",
  booktitle = "Test booktitle",
  year = "2014",
  keywords = "proceedings"
}

@article{sample-journal,
  author = "Ichiro Kobe",
  title = "Test Title",
  journal = "Test journal",
  year = "2014",
  keywords = "journal"
}

@misc{sample-invited,
  author = "Jiro Kobe",
  title = "Invited Talk Title",
  howpublished = "Some Conference",
  year = "2015",
  keywords = "invited",
}

@misc{sample-deliverable,
  title = "Released Software Name",
  keywords = "deliverable",
}

@misc{sample-poster,
  author = "Jiro Kobe and Ichiro Kobe",
  title = "Poster Title",
  year = "2014",
  keywords = "poster",
}




@article{Maruyama2015,
  author = "T. Sumi and  A. Mitsutakeand  Y. Maruyama",
  title = "A solvation-free-energy
functional: A reference-modified density functional
formulation",
  journal = "J. Comput. Chem.",
  year = "2015",
  keywords = "journal"
}

@article{FDPSWOLFHPC2015,
  author = "Iwasawa, M. and  Tanikawa, A. and Hosono, N. and Nitadori, K. and Muranushi, T. and Makino, J.",
  title = "FDPS: A Novel
Framework for Developing High-performance Particle Simulation Codes for Distributed-memory Systems",
  booktitle = "WOLFHPC'15",
  year = "2015",
  keywords = "proceedings"
}

@article{Muranushi2015a,
  author =  {Takayuki Muranushi and  Junichiro Makino},
  title = "Optimal temporal blocking for stencil computation",
  journal = "Procedia Computer Science",
  year = "2015",
   volume = 51,
    pages = {1303-1312},
  keywords = "journal"
}

@ARTICLE{Muranushi2015b,
   author = {{Muranushi}, T. and {Akiyama}, E. and {Inutsuka}, S.-i. and 
	{Nomura}, H. and {Okuzumi}, S.},
    title = "{Development of a Method for the Observation of Lightning in Protoplanetary Disks Using Ion Lines}",
  journal = {Ap. J.},
archivePrefix = "arXiv",
   eprint = {1511.01199},
 primaryClass = "astro-ph.EP",
 keywords = {instabilities, magnetohydrodynamics: MHD, methods: observational, planets and satellites: formation, protoplanetary disks, submillimeter: planetary systems},
     year = 2015,
    month = dec,
   volume = 815,
      eid = {84},
    pages = {84},
      doi = {10.1088/0004-637X/815/2/84},
   adsurl = {http://ads.nao.ac.jp/abs/2015ApJ...815...84M},
  adsnote = {Provided by the SAO/NASA Astrophysics Data System},
  keywords = "journal"
}

@ARTICLE{Muranushi2015c,
   author = {{Muranushi}, T. and
   Takuya Shibayama and
   Yuko Hada-Muranushi and
   Hiroaki Isobe and
   Shigeru Nemoto and
   Kenji Komazaki and
   Kazunari Shibata},
    title = "{UFCORIN: A fully automated predictor of solar flares in GOES X-ray flux}",
  journal = {Space Weather},
     year = 2015,
   volume = 13,
    pages = {778-796},
  keywords = "journal"
}




@ARTICLE{Iwasawa2015,
   author = {{Iwasawa}, M. and {Portegies Zwart}, S. and {Makino}, J.},
    title = "{GPU-enabled particle-particle particle-tree scheme for simulating dense stellar cluster system}",
  journal = {Computational Astrophysics and Cosmology},
archivePrefix = "arXiv",
   eprint = {1506.04553},
 primaryClass = "astro-ph.IM",
     year = 2015,
    month = jul,
   volume = 2,
      eid = {6},
    pages = {6},
      doi = {10.1186/s40668-015-0010-1},
   adsurl = {http://ads.nao.ac.jp/abs/2015ComAC...2....6I},
  adsnote = {Provided by the SAO/NASA Astrophysics Data System},
  keywords = "journal"
}

@ARTICLE{Tanikawa2015a,
   author = {{Sato}, Y. and {Nakasato}, N. and {Tanikawa}, A. and {Nomoto}, K. and 
	{Maeda}, K. and {Hachisu}, I.},
    title = "{A Systematic Study of Carbon-Oxygen White Dwarf Mergers: Mass Combinations for Type Ia Supernovae}",
  journal = {Ap. J.},
archivePrefix = "arXiv",
   eprint = {1505.01646},
 primaryClass = "astro-ph.HE",
 keywords = {binaries: close, galaxies: evolution},
     year = 2015,
    month = jul,
   volume = 807,
      eid = {105},
    pages = {105},
      doi = {10.1088/0004-637X/807/1/105},
   adsurl = {http://ads.nao.ac.jp/abs/2015ApJ...807..105S},
  adsnote = {Provided by the SAO/NASA Astrophysics Data System},
  keywords = "journal"
}

@ARTICLE{Tanikawa2015b,
   author = {{Tanikawa}, A. and {Nakasato}, N. and {Sato}, Y. and {Nomoto}, K. and 
	{Maeda}, K. and {Hachisu}, I.},
    title = "{Hydrodynamical Evolution of Merging Carbon-Oxygen White Dwarfs: Their Pre-supernova Structure and Observational Counterparts}",
  journal = {Ap. J.},
archivePrefix = "arXiv",
   eprint = {1504.06035},
 primaryClass = "astro-ph.HE",
 keywords = {binaries: close, galaxies: evolution, hydrodynamics, supernovae: general, white dwarfs},
     year = 2015,
    month = jul,
   volume = 807,
      eid = {40},
    pages = {40},
      doi = {10.1088/0004-637X/807/1/40},
   adsurl = {http://ads.nao.ac.jp/abs/2015ApJ...807...40T},
  adsnote = {Provided by the SAO/NASA Astrophysics Data System},
  keywords = "journal"
}


