@article{journal1,
  author = "Yuki Horikoshi and Takashi Kuboki and Makoto Murata and Kazumi Matsui and Makoto Tsubokura",
  title = "Die design for deep drawing with high-pressured water jet utilizing computer fluid dynamics based on Reynolds’equation",
  journal = "Journal of Materials Processing Technology",
  year = "2015",
  keywords = "journal"}

@article{journal2,
  author = "Chung-Gang Li and Makoto Tsubokura and Wu-Shung Fu and Niclas Jansson and Wei-Hsiang Wang",
  title = "Compressible Direct Numerical Simulation with a Hybrid Boundary Condition of Transitional Phenomena in Natural Convection",
  journal = "Journal of Heat and Mass Transfer",
  year = "2015",
  keywords = "journal"}

@article{journal3,
  author = "Jing Li and Makoto Tsubokura and Masaya Tsunoda",
  title = "Numerical Investigation of the flow around a golf ball at around the critical Reynolds number and its comparison with a smooth sphere, Flow",
  journal = "Turbulence and Combustion",
  year = "2015",
  keywords = "journal"}

@article{journal4,
  author = "Chung-Gang Li and Makoto Tsubokura and Rahul Bale",
  title = "Framework for simulating natural convection in practical applications",
  journal = "International Communication in Heat and Mass Transfer",
  year = "2016",
  keywords = "journal"}

@inproceedings{conference,
  author = "Jing Li and Makoto Tsubokura and Masaya Tsunoda and Jun Ikeda",
  title = "Large-eddy simulation for golf ball aerodynamics: The effect of surface roughness on the drag crisis and the Magnus effect",
  booktitle = "Proceeding of the ninth international symposium on turbulence and shear flow phenomena (TSFP-9), 7D-4, pp.1-5(June 30-July 3, 2015, The University of Melbourne, Australia)",
  year = "2015",
  keywords = "proceedings"}

@inproceedings{conference2,
  author = "Takuji Nakashima and Yousuke Morikawa and Makoto Tsubokura and Yoshihiro Okada and Takahide Nouzawa",
  title = "Unsteady Aerodynamics Simulations of a Sedan-Type Road Vehicle during Sinusoidal Steering Input",
  booktitle = "33rd AIAA Applied Aerodynamics Conference, AIAA 2015-3307, pp.1-12, DOI: 10.2514/6.2015-3307 (22-26, June, 2015, Hilton Anatole, Dallas, TX)",
  year = "2015",
  keywords = "proceedings"}

@inproceedings{conference3,
  author = "Hirotaka Ishioka and Keiji Onishi and Kosuke Nakasato and Takuji Nakashima and Makoto Tsubokura",
  title = "Coupled 6DoF motion and Aerodynamics Simulation of Road Vehicles in Crosswind Gusts",
  booktitle = "33rd AIAA Applied Aerodynamics Conference, AIAA 2015-3308, pp.1-10, DOI: 10.2514/6.2015-3308 (22-26, June, 2015, Hilton Anatole, Dallas, TX)",
  year = "2015",
  keywords = "proceedings"}

@inproceedings{conference4,
  author = "Tetsuro Tamura and Hidenori Kawai and Rahul Bale and Makoto Tsubokura",
  title = "Analysis of Wind Turbulence in Canopy Layer at Large Urban Area Using HPC Database",
  booktitle = "9th International Conference on Urban Climate (20-24, July, 2015, Toulouse France) ",
  year = "2015",
  keywords = "proceedings"}

@inproceedings{conference5,
  author = "Yoshihiro Okada and Takuji Nakashima and Yousuke Morikawa and Makoto Tsubokura and Satoshi Okamoto and Matsuhiro Tanaka and Takahide Nouzawa",
  title = "Analysis of Wind Turbulence in Canopy Layer at Large Urban Area Using HPC Database",
  booktitle = "Aerodynamics Evaluation of Road Vehicle in Dynamic Maneuvering”, 2016 SAE World Congress (12-14, April, 2016, Cobo Center, Detroit, Michigan, USA) ",
  year = "2016",
  keywords = "proceedings"}


@misc{invited1,
  author = "\Ja{坪倉誠}",
  title = "\Ja{リアルワールドシミュレーションが拓く新たな自動車空力}",
  howpublished = "\Ja{日本自動車技術会2015年春季大会フォーラム}",
  year = "2015",
  keywords = "invited",}

@misc{invited2,
  author = "\Ja{坪倉誠}",
  title = "\Ja{京からポスト京へ　大規模CFDが拓く新たな応用空力シミュレーション}",
  howpublished = "\Ja{第29回数値流体力学シンポジウム}",
  year = "2015",
  keywords = "invited",}

@misc{invited3,
  author = "\Ja{坪倉誠}",
  title = "\Ja{自動車周りの非定常空気力解析}",
  howpublished = "\Ja{日本機械学会No.15-33講習会}",
  year = "2015",
  keywords = "invited",}

@misc{invited4,
  author = "\Ja{坪倉誠}",
  title = "\Ja{リアルタイム・リアルワールド自動車統合設計システムにおける粒子法への期待}",
  howpublished = "Prometech Techno Forum 2015 in NAGOYA",
  year = "2015",
  keywords = "invited",}

@misc{poster1,
  author = "Rahul Bale and Makoto Tsubokura and Keihi Onishi and ChungGang Li and Niclas Jansson",
  title = "Immerserd boundary method in a multiphysics framework for large scale simulations",
howpublished = "27th International Conference on Parallel CFD, (May 17-20, Montreal, Quebec, Canada)",
  year = "2015",
  keywords = "poster",}

@misc{poster2,
  author = "Chung-Gang Li and Makoto Tsubokura",
  title = "A New Simulation Framework for the Natural Convection in Practical Products",
howpublished = "American Physical Society 68th Annual DFD meeting, (November 22-24, 2015, Boston, USA)",
  year = "2015",
  keywords = "poster",}


@misc{poster3,
  author = "Chung-Gang Li and Makoto Tsubokura",
  title = "An investigation of transitional Phenomena from Laminar to Turbulent",
howpublished = "15th European Turbulence Conference 2015, (August 25-28, 2015, Delft, Netherlands)",
  year = "2015",
  keywords = "poster",}


@misc{poster4,
  author = "Chung-Gang Li and Makoto Tsubokura",
  title = "A New Program for the Application of Natural Convection in Practical Products",
howpublished = "Twelfth International Conference on Flow Dynamics, (October 27-29, 2015, Sendai, Japan)",
  year = "2015",
  keywords = "poster",}

@misc{poster5,
  author = "Chung-Gang Li and Tsubokura Makoto and WuShung Fu",
  title = "An Investigation of Transitional Phenomena from Laminar to Turbulent Natural Convection using Compressible Direct Numerical Simulation",
howpublished = "3rd International Workshop on Heat Transfer Advances for Energy Conservation and Pollution Control, (October 16-19, 2015, Taipei,Taiwan)",
  year = "2015",
  keywords = "poster",}

@misc{poster6,
  author = "Chung-Gang Li and Makoto Tsubokura and Keiji Onishi and Niclas Jansson, Rahul Bale",
  title = "A Unified Simulation Framework for Compressible Flows at All Speeds in Industrial Applications",
howpublished = "\Ja{第29回数値流体力学シンポジウム, 福岡 日本}",
  year = "2015",
  keywords = "poster",}


@misc{poster7,
  author = "Niclas Jansson",
  title = "Towards large-scale multiphysics simulations on the K computer",
howpublished = "BIT Circus 2015 , (August 26-27, Umea Sweden)",
  year = "2015",
  keywords = "poster",}

@misc{poster8,
  author = "Niclas Jansson and Makoto Tsubokura",
  title = "Dynamic Load Balancing for Large-Scale Multiphysics Simulations",
howpublished = "\Ja{第29回数値流体力学シンポジウム, 博多 日本}",
  year = "2015",
  keywords = "poster",}

@misc{poster9,
  author = "\Ja{大西慶治, 坪倉誠}",
  title = "\Ja{DirtyCADデータへ対応した並列IB-BCMによる自動車空力シミュレーションの実用性評価}",
howpublished = "\Ja{第29回数値流体力学シンポジウム, 博多 日本}",
  year = "2015",
  keywords = "poster",}

@misc{poster10,
  author = "\Ja{赤坂 啓, 藤山 祐司, 大西 慶治 and 坪倉 誠}",
  title = "\Ja{自動車操縦安定性および空力性能の連成に関する非定常空力解析手法の構築}",
howpublished = "\Ja{第2回「京」を中核とするHPCIシステム利用研究課題 成果報告会, 東京 日本}",
  year = "2015",
  keywords = "poster",}

@misc{poster11,
  author = "\Ja{大西慶治, 坪倉誠}",
  title = "\Ja{irtyCADデータへ対応した並列IB-BCMによる自動車空力シミュレーションの実用性評価}",
howpublished = "\Ja{第29回数値流体力学シンポジウム, 博多 日本}",
  year = "2015",
  keywords = "poster",}

@misc{poster12,
  author = "\Ja{大西慶治, 坪倉誠}",
  title = "\Ja{Dirty CAD形状を意識した自動車空力シミュレーション手法開発}",
howpublished = "\Ja{第21回計算工学講演会, 新潟 日本}",
  year = "2016",
  keywords = "poster",}

@misc{poster13,
  author = "Keiji Onishi and Makoto Tsubokura and Takashi Kamioka",
  title = "Practical Full Vehicle Multi- Physics Aerodynamics Simulation for Engineering Design Process Using Large-scale Parallel CFD Framework",
howpublished = "ECCOMAS Congress 2016, (June 5 - 10, 2016, Crete Greece)",
  year = "2016",
  keywords = "poster",}

@misc{poster14,
  author = "Tetsuro Tamura and Hidenori Kawai and Rahul Bale and Keiji Onishi and Makoto Tsubokura and Koji Kondo and Tsuyoshi Nozu",
  title = "LES for wind turbulence in canopy layer at large urban area",
howpublished = "68th Annual Meeting of the APS Division of Fluid Dynamics, (November 22-24, 2015, Boston USA)",
  year = "2015",
  keywords = "poster",}


@misc{poster15,
  author = "Tetsuro Tamura and Hidenori Kawai and Kazuaki Uchibori and Rahul Bale and Keiji Onishi and Makoto Tsubokura and Koji Kondo and Tsuyoshi Nozu",
  title = "High performance computation by BCM-LES on flow and pressure field around buildings",
howpublished = "8th International Colloquium on Bluff Body Aerodynamics and Applications, (June 7 - 11, 2016, Boston USA)",
  year = "2016",
  keywords = "poster",}



@misc{poster16,
  author = "Hidenori Kawai and Tetsuro Tamura and Keiji Onishi and Rahul Bale and Makoto Tsubokura and Koji Kondo and Tsuyoshi Nozu and Kazuaki Uchibori",
  title = "HPC-Based LES of Wind Flow Over Large Urban Area with Slight Undulation",
howpublished = "ECCOMAS Congress 2016, (June 5 - 10, 2016, Crete Greece)",
  year = "2016",
  keywords = "poster",}


@misc{poster17,
  author = "Bale Rahul and Makoto Tsubokura",
  title = "Lagrangian-Eulerian based immersed boundary method for large scale simulations",
howpublished = "BIT Circus 2015 , (August 26-27, Umea Sweden)",
  year = "2015",
  keywords = "poster",}


@misc{poster18,
  author = "Bale Rahul and Makoto Tsubokura and Niclas Jansson and Keiji Onishi",
  title = "Lagrangian-Eulerian based immersed boundary method for large scale simulations",
howpublished = "\Ja{第29回数値流体力学シンポジウム, 博多 日本}",
  year = "2015",
  keywords = "poster",}


@misc{poster19,
  author = "Bale Rahul and Niclas Jansson and Keiji Onishi and Makoto Tsubokura",
  title = "Scalable Immersed Boundary Method for Large scale Simulations with Moving Immersed Structures",
howpublished = "ECCOMAS Congress 2016, (June 5 - 10, 2016, Crete Greece)",
  year = "2016",
  keywords = "poster",}


@misc{poster20,
  author = "Keiji Onishi and Makoto Tsubokura",
  title = "Parallel Computation of Sliding Mesh for the Unstructured Grid Finite Volume Method on the Rotating Wheel Vehicle Aerodynamics Simulation",
howpublished = "28th International Conference on Parallel CFD, (May 9-12, Kobe, Japan)",
  year = "2016",
  keywords = "poster",}

@misc{poster21,
  author = "Bale Rahul and Niclas Jansson and Keiji Onishi and Makoto Tsubokura",
  title = "Constraint Based Immersed Boundary Method for ``Thin'' Structures",
howpublished = "28th International Conference on Parallel CFD, (May 9-12, Kobe, Japan)",
  year = "2016",
  keywords = "poster",}

@misc{poster22,
  author = "Chung-Gang Li and Makoto Tsubokura",
  title = "A Unified Simulation Framework for Low Speed Compressible Turbulence in Industrial Applications",
howpublished = "28th International Conference on Parallel CFD, (May 9-12, Kobe, Japan)",
  year = "2016",
  keywords = "poster",}
