% Encoding: UTF-8

@Misc{2015:AVRTeam:CDMlib,
  title =        {CDMlib - Cartesian Data Management Library},
  howpublished = {\url{http://avr-aics-riken.github.io/CDMlib}},
  keywords =     {deliverable}
}

@Misc{2015:AVRTeam:Chowder,
  title =        {ChOWDER: Cooperative Work Driver},
  howpublished = {https://github.com/SIPupstreamDesign/ChOWDER},
  keywords =     {deliverable}
}

@Misc{2015:AVRTeam:Cutlib,
  title =        {Cutlib - Cut Information Library},
  howpublished = {\url{https://github.com/avr-aics-riken/Cutlib}},
  keywords =     {deliverable}
}

@Misc{2015:AVRTeam:FFVC,
  title =        {FFVC - FrontFlow Violet Cartesian},
  howpublished = {\url{http://avr-aics-riken.github.io/ffvc_package}},
  keywords =     {deliverable}
}

@Misc{2015:AVRTeam:HDMlib,
  title =        {HDMlib - Hierarchical Data Management Library},
  howpublished = {\url{https://github.com/avr-aics-riken/HDMlib}},
  keywords =     {deliverable}
}

@Misc{2015:AVRTeam:HIVE,
  title =    {HIVE (Heterogeneously Integrated Visual analytics Environment): A Visualization Framework for Large-Scale Datasets},
  howpublished = {\url{http://avr-aics-riken.github.io/HIVE}},
  keywords = "deliverable"
}

@Misc{2015:AVRTeam:JHPCN-DF,
  title =        {Data compression library based on Jointed Hierarchical Precision Compression Number - Data Format},
  howpublished = {\url{http://avr-aics-riken.github.io/JHPCN-DF}},
  keywords =     {deliverable}
}

@Misc{2015:AVRTeam:LPTlib,
  title =        {LPTlib - Lagrangian Particle Tracking Library},
  howpublished = {\url{http://avr-aics-riken.github.io/LPTlib}},
  keywords =     {deliverable}
}

@Misc{2015:AVRTeam:PDMlib,
  title =        {PDMlib - Particle Data Management Library},
  howpublished = {\url{http://avr-aics-riken.github.io/PDMlib}},
  keywords =     "deliverable"
}

@Misc{2015:AVRTeam:PMlib,
  title =        {PMlib: Performance Monitoring Library},
  howpublished = {\url{http://avr-aics-riken.github.io/PMlib}},
  keywords =     "deliverable"
}

@Misc{2015:AVRTeam:Polylib,
  title =        {Polylib - Polygon Management Library},
  howpublished = {\url{http://avr-aics-riken.github.io/Polylib}},
  keywords =     {deliverable}
}

@Misc{2015:AVRTeam:TextParser,
  title =        {Text Parser Library},
  howpublished = {\url{http://avr-aics-riken.github.io/TextParser}},
  keywords =     {deliverable}
}

@Misc{2015:AVRTeam:UDMlib,
  title =        {UDMlib - Unstructured Data Management Library},
  howpublished = {\url{http://avr-aics-riken.github.io/UDMlib}},
  keywords =     {deliverable}
}

@Misc{2015:AVRTeam:Visio,
  title =        {V-Isio - VCAD Visualizer},
  howpublished = {\url{http://avr-aics-riken.github.io/V-Isio}},
  keywords =     {deliverable}
}

@inproceedings{2015:Bi:IAPR,
  author = "Peng Li and Haiyuan Wu and Qian Chen and Chongke Bi",
  title = "Person Re-Identification Using Color Enhancing Feature",
  booktitle = "The 3rd IAPR Asian Conference on Pattern Recognition",
  year = "2015",
  keywords = "proceedings"
}

@article{2015:Bi:RPCS,
  author = "Huajian Xue and Ronghui Zhang and Haiwei Wang and Wenxiao Zeng and Chongke Bi",
  title = "Modeling Uyghur Speech Phenomena with Morphological Rules",
  journal = "Recent Patents on Computer Science",
  year = "2015",
  pages="58--66",
  keywords = "journal"
}

@InProceedings{2015:Nonaka:HPCS,
  author =    {Jorji Nonaka and Masahiro Fujita and Kenji Ono},
  title =     {234 Scheduling of 3-2 and 2-1 Eliminations for Parallel Image Compositing Using Non-Power-of-Two Number of Processes},
  booktitle = {The 2015 International Conference on High Performance Computing \& Simulation (HPCS 2015)},
  year =      {2015},
  pages =     {421-428},
  keywords =  {proceedings},
  location =  {Amsterdam, Netherlands}
}

@InProceedings{2015:Nonaka:IPSJ-HPCS,
  author =    {Jorji Nonaka and Masahiro Fujita and Kenji Ono},
  title =     {Rank Reordering and Data Padding for Optimizing Large-Scale Parallel Image Composition},
  booktitle = {IPSJ High Performance Computing Symposium (IPSJ HPCS2015)},
  year =      {2015},
  pages =     {64-72},
  keywords =  {proceedings},
  location =  {Tokyo}
}

@article{2015:Nonaka:JASSE,
  author="Jorji Nonaka and Masahiro Fujita and Kenji Ono",
  title="Multi-Step Image Composition Approach for Sort-Last Massively Parallel Rendering",
  journal="Journal of Advanced Simulation in Science and Engineering",
  volume="2",
  number="1",
  pages="108--125",
  year="2015",
  keywords = "journal"
}

@article{akasaka:2015:jsae,
  title = {Rapid Simulation Method for Airflow around Production Vehicle Using Immersed Boundary Method and Local Mesh Refinement},
  journal = {Journal of Automotive Technology},
  volume = {46},
  number = {5},
  pages = {963--968},
  year = {2015},
  author = {Akasaka, Kei and Araki, Toshihiro and Ishihara, Yuji and Ono, Kenji},
  keywords = {journal},
}

@InProceedings{DBLP:conf/ldav/YeWMMO15,
  author =    {Yucong Chris Ye and Yang Wang and Robert Miller and Kwan{-}Liu Ma and Kenji Ono},
  title =     {In Situ Depth Maps based Feature Extraction and Tracking},
  booktitle = {5th {IEEE} Symposium on Large Data Analysis and Visualization, {LDAV} 2015, Chicago, IL, USA, October 25-26, 2015},
  year =      {2015},
  pages =     {1--8},
  keywords =  {proceedings}
}

@inproceedings{imamura:2015:ParCFD,
  author = {Imamura, Seigo and Ono, Kenji and Yokokawa, Mitsuo},
  Title = {Performance Evaluation of Iterative Solver for Multiple Vectors Associated with a Large-Scale Sparse Matrix},
  Booktitle = {27th International Conference on Parallel Computational Fluid Dynamics Conference Abstract},
  Year = {2015},
  month = {May 17-20},
  location = {Montreal, Quebec, Canada},
  pages = {124--125},
  keywords = "proceedings"
}


@article{isobe:15:seitai,
  author="Isobe, Koki and Kimura, Yusuke and Sera, Toshihiro and Yokota, Hideo and Ono, Kenji and Tanaka, Gaku",
  title="Effectiveness of Two-dimensional Medical Image Interpolation in the Transverse Plane in the Voxel Analysis of Nasal Air Flow and Temperature",
  journal="Medical and Biological Engineering",
  year="2015", 
  volume="53",
  number="3",
  pages="160-167",
   keywords = "journal"
}

@InProceedings{onishi:2015:AJK,
  author =    {Onishi, Jyunya and Ono, Kenji and Suzuki, Soichiro},
  title =     {Parallelization of a Block-Based Hierarchical Cartesian CFD Code},
  booktitle = {Proceedings of the ASME-JSME-KSME Joint Fluids Engineering Conference 2015 AJK2015-FED},
  year =      {2015},
  pages =     {AJK2015-29581},
  month =     {July 26-31},
  keywords =  {proceedings},
  location =  {Seoul, Korea}
}

@incollection{ono:2015:LNCS,
  year={2015},
  booktitle={High Performance Computing for Computational Science -- VECPAR 2014},
  volume={8969},
  series={Lecture Notes in Computer Science},
  title={Low Byte/Flop Implementation of Iterative Solver for Sparse Matrices Derived from Stencil Computations},
  author={Ono, Kenji and Chiba, Shuichi and Inoue, Shunsuke and Minami, Kazuo},
  pages={192-205},
  keywords={journal}
}

@InProceedings{Ono:2015:SA15,
  author =    {Fujishiro, Issei and Chen, Bing-Yu and Chen, Wei and Hong, Seok-Hee and Itoh, Takayuki and Koyamada, Koji and Ono, Kenji and Nonaka, Jorji},
  title =     {Top Computational Visualization R$\&$D Problems 2015: Panel},
  booktitle = {SIGGRAPH Asia 2015 Visualization in High Performance Computing},
  year =      {2015},
  series =    {SA '15},
  pages =     {20:1--20:13},
  keywords =  {proceedings}
}


@inproceedings{Ono:2015:Shonan,
   author = "Kenji Ono and Jorji Nonaka and Koji Koyamada and Kwan-Liu Ma and Norihiro Nakajima and Hiroko Nakamura Miyamura and Xiaoru Yuan",
   title = "High-Performance Extreme-Scale Visual Analytics",
   booktitle = "Part of NII Shonan Meeting Report No. 2015-7 (Big Data Visual Analytics)",
   year = "2015",
   pages = "5-7",
  keywords = "proceedings"
}

@InProceedings{uzawa:2015:AJK,
  author =    {Uzawa, Ken and Ono, Kenji},
  title =     {Validation of Local SGS Models Implemented in High-Performance CFD Solver: FFV-C},
  booktitle = {Proceedings of the ASME-JSME-KSME Joint Fluids Engineering Conference 2015 AJK2015-FED},
  year =      {2015},
  pages =     {AJK2015-29634},
  month =     {July 26-31},
  keywords =  {proceedings},
  location =  {Seoul, Korea}
}
