@inproceedings{shoji_isc15,
  author = "Fumiyoshi Shoji and Shuji Matsui and Mitsuo Okamoto and Fumichika Sueyasu and Toshiyuki Tsukamoto and Atsuya Uno and Keiji Yamamoto",
  title = "Long term failure analysis of 10 peta-scale supercomputer",
  booktitle = "In HPC in Asia session at ISC2015, Frankfurt, Germany, July 12-16",
  year = "2015",
  keywords = "poster"
}

@inproceedings{uno_hpcs15,
  author = "Atsuya Uno and Hajime Hida and Fumio Inoue and Naoki Ikeda and Toshiyuki Tsukamoto and Fumichika Sueyasu and Satoshi Matsushita and Fumiyoshi Shoji",
  title = "Operation of the K computer Focusing on System Power Consumption",
  note = "(In Japanese)",
  booktitle = "HPCS2015",
  year = "2015",
  keywords = "proceedings"
}

@article{uno_acs15,
  author = "Atsuya Uno and Hajime Hida and Fumio Inoue and Naoki Ikeda and Toshiyuki Tsukamoto and Fumichika Sueyasu and Satoshi Matsushita and Fumiyoshi Shoji",
  title = "Operation of the K computer Focusing on System Power Consumption",
  note = "(In Japanese)",
  journal = "IPSJ ACS Vol.8 No.4",
  year = "2015",
  keywords = "journal"
}
